<?xml version="1.0" encoding="UTF-8"?><collection xmlns="http://www.loc.gov/MARC21/slim"><record><leader>00399nam--2200145-i-4500</leader><controlfield tag="001">000009295</controlfield><controlfield tag="002">20161230</controlfield><controlfield tag="005">20161230201028</controlfield><controlfield tag="008">060222s1000------------r-----000-0-eng-d</controlfield><datafield ind1=" " ind2=" " tag="080"><subfield code="a">517.5:53:62</subfield></datafield><datafield ind1="1" ind2=" " tag="100"><subfield code="a">Bell, W.W</subfield></datafield><datafield ind1="1" ind2="0" tag="245"><subfield code="a">Special functions for scientists and engineers</subfield></datafield><datafield ind1=" " ind2=" " tag="260"><subfield code="a">London, D.Van Nostrand Co.Ltd., 1968. Xiv + 247 P</subfield></datafield><datafield ind1=" " ind2=" " tag="852"><subfield code="a">29880</subfield><subfield code="c">517.5</subfield></datafield><datafield ind1=" " ind2=" " tag="CAT"><subfield code="a">Sys</subfield><subfield code="c">20080804</subfield><subfield code="h">092521</subfield></datafield></record></collection>